% Books %

@book{haykin2009neural,
  title={Neural Networks and Learning Machines},
  author={Haykin, Simon},
  version={10},
  isbn={9780131471399},
  lccn={2008034079},
  year={2009},
  publisher={Prentice Hall}
}

@book{haykin2013adaptive,
  title={Adaptive Filter Theory},
  author={Haykin, Simon},
  isbn={9780133080360},
  year={2013},
  publisher={Pearson Education}
}

@book{maybeck2002stochastic,
  title={Stochastic Models, Estimation, and Control},
  author={Maybeck, Peter S.},
  year={2002},
  series ={Mathematics in Science and Engineering},
  publisher={Navtech GSP Supply}
  pages={1 - 24},
}

@article{kalman_1960,
    Author = {Kalman, Rudolph Emil},
    Title = {A New Approach to Linear Filtering and Prediction Problems},
    Journal = {Transactions of the ASME--Journal of Basic Engineering},
    Volume = {82},
    Number = {Series D},
    Pages = {35--45},
    Year = {1960}
}

 @book{grewal2008kalman,
  title={Kalman Filtering: Theory and Practice Using MATLAB},
  author={Grewal, Mohinder S. and Andrews, Angus P.},
  isbn={97804703-77802},
  year={2008},
  publisher={Wiley}
}


@incollection{welch2014,
year={2014},
isbn={978-0-387-30771-8},
booktitle={Computer Vision},
editor={Ikeuchi, Katsushi},
doi={10.1007/978-0-387-31439-6_716},
title={Kalman Filter},
publisher={Springer US},
author={Welch, Gregory F.},
pages={435-437}
}

@book{zarchan2009fundamentals,
  title={Fundamentals of Kalman Filtering: A Practical Approach},
  author={Zarchan, Paul and Musoff, Howard},
  isbn={9781600867187},
  lccn={64000103},
  issn={0079-6050},
  series={Progress in Astronautics and Aeronautics},
  year={2009},
  publisher={Academic Press},
  pages={34-38}
}

@article{SHAO2010143,
title = {Constrained Bayesian State Estimation -- A Comparative Study and a New Particle Filter Based Approach},
journal = {Journal of Process Control},
volume = {20},
number = {2},
pages = {143 - 157},
year = {2010},
issn = {0959-1524},
doi = {10.1016/j.jprocont.2009.11.002},
author = {Xinguang Shao and Biao Huang and Jong Min Lee},
keywords = {State estimation, Bayesian, Particle Filter, Constraints, Nonlinear, Non-Gaussian}
}


@TECHREPORT{Julier96ageneral,
    author = {Simon J. Julier and Jeffrey K. Uhlmann},
    title = {A General Method for Approximating Nonlinear Transformations of Probability Distributions},
    institution = {University of Oxford, Department of Engineering Science},
    year = {1996}
}

@inproceedings{julier2002scaled,
  title={The Scaled Unscented Transformation},
  author={Julier, Simon J.},
  booktitle={American Control Conference},
  volume={6},
  pages={4555--4559},
  year={2002},
  organization={IEEE}}
}

@article{julier1997ukf,
author = {Simon J. Julier and Jeffrey K. Uhlmann},
title = {New Extension of the Kalman Filter to Nonlinear Systems},
journal = {Signal Processing Sensor Fusion and Target Recognition},
volume = {3068},
pages = {3068 - 3068 - 12},
year = {1997},
doi = {10.1117/12.280797}
}


@inproceedings{wan2000unscented,
  title={The Unscented Kalman Filter for Nonlinear Estimation},
  author={Wan, Eric A. and Van Der Merwe, Rudolph},
  booktitle={Adaptive Systems for Signal Processing, Communications, and Control},
  pages={153--158},
  year={2000},
  organization={{IEEE}}
}

@article{wan2001unscented,
  title={The Unscented Kalman Filter},
  author={Wan, Eric A. and Van Der Merwe, Rudolph},
  journal={Kalman Filtering and Neural Networks},
  volume={5},
  number={2007},
  pages={221--280},
  year={2001},
  publisher={New York: Wiley}
}

@inproceedings{julier1995new,
  title={A New Approach for Filtering Nonlinear Systems},
  author={Julier, Simon J. and Uhlmann, Jeffrey K. and Durrant-Whyte, Hugh F.},
  booktitle={American Control Conference},
  volume={3},
  pages={1628--1632},
  year={1995},
  organization={IEEE}
}

@article{gustafsson2012some,
  title={Some Relations Between Extended and Unscented Kalman Filters},
  author={Gustafsson, Fredrik and Hendeby, Gustaf},
  journal={Transactions on Signal Processing},
  volume={60},
  number={2},
  pages={545--555},
  year={2012},
  publisher={IEEE}
}

@book{doucet1998sequential,
  title={On Sequential Simulation-based Methods for Bayesian Filtering},
  author={Doucet, A.},
  series={CUED/F-INFENG/TR},
  year={1998},
  publisher={University of Cambridge, Department of Engineering}
}

@incollection{doucet2001introduction,
  title={An Introduction to Sequential Monte Carlo Methods},
  author={Doucet, Arnaud and De Freitas, Nando and Gordon, Neil},
  booktitle={Sequential Monte Carlo Methods in Practice},
  pages={3--14},
  year={2001},
  publisher={Springer}
}

@inproceedings{gordon1993novel,
  title={Novel Approach to Nonlinear / Non-Gaussian Bayesian State Estimation},
  author={Gordon, Neil J. and Salmond, David J. and Smith, Adrian F.},
  booktitle={Radar and Signal Processing},
  volume={140},
  number={2},
  pages={107--113},
  year={1993},
  organization={IET}
}

@inproceedings{van2001unscented,
  title={The Unscented Particle Filter},
  author={Van Der Merwe, Rudolph and Doucet, Arnaud and De Freitas, Nando and Wan, Eric A.},
  booktitle={Advances in Neural Information Processing Systems},
  pages={584--590},
  year={2001}
}

@techreport{merwe2000scented,
  title={The Unscented Particle Filter},
  author={Van Der Merwe, Rudolph and Doucet, Arnaud and De Freitas, Nando and Wan, Eric A.},
  year={2000},
  institution={Cambridge University}
  series={CUED/F-IN FENG/TR 380},
}

@article{geweke1989bayesian,
  title={Bayesian Inference in Econometric Models Using Monte Carlo Integration},
  author={Geweke, John},
  journal={Econometrica: Journal of the Econometric Society},
  pages={1317--1339},
  year={1989},
  publisher={JSTOR}
}

@article{chen2003bayesian,
  title={Bayesian Filtering: From Kalman Filters to Particle Filters, and Beyond},
  author={Chen, Zhe},
  journal={Statistics},
  volume={182},
  number={1},
  pages={1--69},
  year={2003}
}

@article{avitzour1995stochastic,
  title={Stochastic Simulation Bayesian Approach to Multitarget Tracking},
  author={Avitzour, D.},
  journal={Radar, Sonar and Navigation},
  volume={142},
  number={2},
  pages={41--44},
  year={1995},
  publisher={IET}
}

@article{beadle1997fast,
  title={A Fast-weighted Bayesian Bootstrap Filter for Nonlinear Model State Estimation},
  author={Beadle, Edward R. and Djuric, Petar M.},
  journal={Aerospace and Electronic Systems},
  volume={33},
  number={1},
  pages={338--343},
  year={1997},
  publisher={IEEE}
}

@inproceedings{isard1996contour,
  title={Contour Tracking by Stochas-tic Propagation of Conditional Density},
  author={Isard, Michael and Blake, Andrew},
  booktitle={European Conference on Computer Vision},
  pages={343--356},
  year={1996},
  organization={Springer}
}

@article{kitagawa1996monte,
  title={Monte Carlo Filter and Smoother for Non-Gaussian Nonlinear State Space Models},
  author={Kitagawa, Genshiro},
  journal={Journal of Computational and Graphical Statistics},
  volume={5},
  number={1},
  pages={1--25},
  year={1996},
  publisher={Taylor \& Francis}
}

@article{doucet2000sequential,
  title={On Sequential Monte Carlo Sampling methods for Bayesian Filtering},
  author={Doucet, Arnaud and Godsill, Simon and Andrieu, Christophe},
  journal={Statistics and Computing},
  volume={10},
  number={3},
  pages={197--208},
  year={2000},
  publisher={Springer}
}

@article{liu1998sequential,
  title={Sequential Monte Carlo Methods for Dynamic Systems},
  author={Liu, Jun S. and Chen, Rong},
  journal={Journal of the American Statistical Association},
  volume={93},
  number={443},
  pages={1032--1044},
  year={1998},
  publisher={Taylor \& Francis Group}
}

@inproceedings{lenser2000sensor,
  title={Sensor Resetting Localization for Poorly Modelled Mobile Robots},
  author={Lenser, Scott and Veloso, Manuela},
  booktitle={International Conference on Robotics and Automation},
  volume={2},
  pages={1225--1232},
  year={2000},
  organization={IEEE}
}

@article{doucet2001particle,
  title={Particle Filters for State Estimation of Jump Markov Linear Systems},
  author={Doucet, Arnaud and Gordon, Neil J. and Krishnamurthy, Vikram},
  journal={Transactions on Signal Processing},
  volume={49},
  number={3},
  pages={613--624},
  year={2001},
  publisher={IEEE}
}

@article{berzuini1997dynamic,
  title={Dynamic Conditional Independence Models and Markov Chain Monte Carlo Methods},
  author={Berzuini, Carlo and Best, Nicola G. and Gilks, Walter R. and Larizza, Cristiana},
  journal={Journal of the American Statistical Association},
  volume={92},
  number={440},
  pages={1403--1412},
  year={1997},
  publisher={Taylor \& Francis Group}
}

@article{daum2005nonlinear,
  title={Nonlinear filters: beyond the Kalman filter},
  author={Daum, Fred},
  journal={IEEE Aerospace and Electronic Systems Magazine},
  volume={20},
  number={8},
  pages={57--69},
  year={2005},
  publisher={IEEE}
}

@book{choset2005principles,
  title={Principles of Robot Motion: Theory, Algorithms, and Implementations},
  author={Choset, Howie and Hutchinson, Seth and Lynch, Kevin M. and Kantor, George and Burgard, Wolfram and Kavraki, Lydia E. and Thrun, Sebastian},
  year={2005},
  publisher={MIT Press}
}

@book{thrun2005probabilistic,
  title={Probabilistic Robotics},
  author={Thrun, Sebastian and Burgard, Wolfram and Fox, Dieter},
  isbn={9780262201629},
  lccn={20050436},
  series={Intelligent Robotics and Autonomous Agents},
  year={2005},
  publisher={MIT Press}
}


@article{voyles2008search,
  title={Search and Rescue Robots},
  author={Voyles, Richard and Choset, Howie},
  journal={Journal of Field Robotics},
  volume={25},
  number={1-2},
  pages={1--2},
  year={2008},
  publisher={Wiley Online Library}
}

@article{davids2002urban,
  title={Urban Search and Rescue Robots: From Tra-gedy to Technology},
  author={Davids, Angela},
  journal={Intelligent Systems},
  volume={17},
  number={2},
  pages={81--83},
  year={2002},
  publisher={IEEE}
}

@article{shah2004survey,
  title={Survey on Urban Search and Rescue Robots},
  author={Shah, Binoy and Choset, Howie},
  journal={Robotics Society of Japan},
  volume={22},
  number={5},
  pages={582--586},
  year={2004},
  publisher={The Robotics Society of Japan}
}

@article{dunbabin2012robots,
  title={Robots for Environmental Monitoring: Significant Advancements and Applications},
  author={Dunbabin, Matthew and Marques, Lino},
  journal={IEEE Robotics \& Automation Magazine},
  volume={19},
  number={1},
  pages={24--39},
  year={2012},
  publisher={IEEE}
}


@article{crnokic_applications,
author = {Crnokić, Boris and Grubisic, Miroslav and Volaric, Tomislav},
year = {2017},
month = {09},
pages = {15-28},
title = {Different Applications of Mobile Robots in Education},
volume = {6},
journal = {International Journal on Integrating Technology in Education}
}

@INPROCEEDINGS{nehmzow2001mobile,
    author = {Ulrich Nehmzow},
    title = {Mobile Robotics: Research, Applications and Challenges},
    booktitle={Future Trends in Robotics},
    publisher={Institution of Mechanical Engineers},
    year = {2011}
}

@book{nehmzow2012mobile,
  title={Mobile robotics: a practical introduction},
  author={Nehmzow, Ulrich},
  year={2012},
  publisher={Springer Science \& Business Media}
}


@phdthesis{stenborglocalization,
  title={Localization for Autonomous Vehicles},
  author={Stenborg, Erik}
}

@article{bresson2017simultaneous,
  title={Simultaneous Localization and Mapping: A Survey of Current Trends in Autonomous Driving},
  author={Bresson, Guillaume and Alsayed, Zayed and Yu, Li and Glaser, S{\'e}bastien},
  journal={IEEE Transactions on Intelligent Vehicles},
  volume={2},
  number={3},
  pages={194--220},
  year={2017},
  publisher={IEEE}
}

@article{vivacqua2017low,
  title={A Low Cost Sensors Approach for Accurate Vehicle Localization and Autonomous Driving Application},
  author={Vivacqua, Rafael and Vassallo, Raquel and Martins, Felipe},
  journal={Sensors},
  volume={17},
  number={10},
  pages={2359},
  year={2017},
  publisher={Multidisciplinary Digital Publishing Institute}
}

@article{le2012set,
  title={Set-membership State Estimation With Fleeting Data},
  author={Le Bars, Fabrice and Sliwka, Jan and Jaulin, Luc and Reynet, Olivier},
  journal={Automatica},
  volume={48},
  number={2},
  pages={381--387},
  year={2012},
  publisher={Elsevier}
}

@inproceedings{ko2012particle,
  title={Particle Filter Approach for Localization of an Underwater Robot Using Time Difference of Arrival},
  author={Ko, Nak Yong and Kim, Tae Gyun and Moon, Yong Seon},
  booktitle={Oceans},
  pages={1--7},
  year={2012},
  organization={IEEE}
}

@article{meizel2002initial,
  title={Initial Localization by Set Inversion},
  author={Meizel, Dominique and L{\'e}v{\^e}que, Olivier and Jaulin, Luc and Walter, Eric},
  journal={Transactions on Robotics and Automation},
  volume={18},
  number={6},
  pages={966--971},
  year={2002},
  publisher={IEEE}
}

@inproceedings{abdallah2007adapting,
  title={Adapting particle filter on interval data for dynamic state estimation},
  author={Abdallah, Fahed and Gning, Amadou and Bonnifait, Philippe},
  booktitle={Acoustics, Speech and Signal Processing, 2007. ICASSP 2007. IEEE International Conference on},
  volume={2},
  pages={II--1153},
  year={2007},
  organization={IEEE}
}

@inproceedings{gning2007new,
  title={A new estimation method for multisensor fusion by using interval analysis and particle filtering},
  author={Gning, Amadou and Abdallah, Fahed and Bonnifait, Philippe},
  booktitle={Robotics and Automation, 2007 IEEE International Conference on},
  pages={3844--3849},
  year={2007},
  organization={IEEE}
}

@inproceedings{neulandh_ybridazation,
author = {Neuland, Renata and Nicola, Jeremy and Maffei, Renan and Jaulin, Luc and Prestes, Edson and Kolberg, Mariana},
year = {2014},
month = {09},
pages = {},
title = {Hybridization of Monte Carlo and Set-membership Methods for the Global Localization of Underwater Robots},
booktitle = {International Conference on Intelligent Robots and Systems}
}

@article{neuland_set_inversion,
author = {Neuland, Renata and Maffei, Renan and Jaulin, Luc and Prestes, Edson and Kolberg, Mariana},
year = {2014},
month = {10},
pages = {361-375},
title = {Improving the Precision of AUVs Localization in a Hybrid Interval-Probabilistic Approach Using a Set-Inversion Strategy},
volume = {02},
journal = {Unmanned Systems}
}


@inproceedings{ashokaraj2004sensor,
  title={Sensor Based Robot Localisation and Navigation: Using Interval Analysis and Extended Kalman Filter},
  author={Ashokaraj, Immanuel and Tsourdos, Antonios and Silson, Peter and White, Brian},
  booktitle={Asian Control Conference},
  volume={2},
  pages={1086--1093},
  year={2004},
  organization={IEEE},
  doi={10.1109/IROS.2004.1389321},
}


@inproceedings{ashokaraj2004sensorukf,
  title={Sensor Based Robot Localisation and Navigation: Using Interval Analysis and Unscented Kalman Filter},
  author={Ashokaraj, Immanuel and Tsourdos, Antonios and Silson, Peter and White, Brian},
  booktitle={International Conference on Intelligent Robots and Systems},
  volume={2},
  pages={1086--1093},
  year={2004},
  doi={10.1109/IROS.2004.1389321},
  organization={IEEE}
}


@inproceedings{ashokaraj2004fuzzy,
  title={A Fuzzy Logic Approach in Feature Based Robot Navigation Using Interval Analysis and UKF},
  author={Ashokaraj, Immanuel and Tsourdos, Antonios and Silson, Peter and White, Brian and Economou, John},
  booktitle={Fuzzy Information Processing},
  volume={2},
  pages={808--813},
  year={2004},
  organization={IEEE}
  doi={10.1109/NAFIPS.2004.1337406},
}


@article{Yu2014TruncatedUP,
  title={Truncated Unscented Particle Filter for Dealing with Non-linear Inequality Constraints},
  author={Miao Yu and Wen-Hua Chen and Jonathon A. Chambers},
  journal={2014 Sensor Signal Processing for Defence (SSPD)},
  year={2014},
  pages={1-5}
}

@inproceedings{straka2011truncated,
  title={Truncated Unscented Particle Filter},
  author={Straka, Ond{\v{r}}ej and Dun{\'\i}k, Jind{\v{r}}ich and {\v{S}}imandl, Miroslav},
  booktitle={American Control Conference},
  pages={1825--1830},
  year={2011},
  organization={IEEE}
}

@article{shao2010constrained,
  title={Constrained Bayesian State Estimation -- A Comparative Study and a New Particle Filter Based Approach},
  author={Shao, Xinguang and Huang, Biao and Lee, Jong Min},
  journal={Journal of Process Control},
  volume={20},
  number={2},
  pages={143--157},
  year={2010},
  publisher={Elsevier}
}

@article{straka2012truncation,
  title={Truncation Nonlinear Filters for State Estimation with Nonlinear Inequality Constraints},
  author={Straka, Ond{\v{r}}ej and Dun{\'\i}k, Jind{\v{r}}ich and {\v{S}}imandl, Miroslav},
  journal={Automatica},
  volume={48},
  number={2},
  pages={273--286},
  year={2012},
  publisher={Elsevier}
}

@article{ashokaraj2004mobile,
  title={Mobile Robot Localisation and Navigation Using Multi-sensor Fusion via Interval Analysis and UKF},
  author={Ashokaraj, Immanuel and Tsourdos, Antonios and Silson, Peter and White, Brian},
  journal={Towards Auto-nomous Robotic Systems},
  year={2004}
}

@book{jazwinski2007stochastic,
  title={Stochastic Processes and Filtering Theory},
  author={Jazwinski, A.H.},
  isbn={9780486462745},
  lccn={2007019215},
  series={Dover Books on Electrical Engineering Series},
  year={2007},
  publisher={Dover Publications}
}

@article{KANDEPU2008753,
title = "Applying the Unscented Kalman Filter for Nonlinear State Estimation",
journal = "Journal of Process Control",
volume = "18",
number = "7",
pages = "753 - 768",
year = "2008",
issn = "0959-1524",
doi = "10.1016/j.jprocont.2007.11.004",
author = "Rambabu Kandepu and Bjarne Foss and Lars Imsland",
keywords = "Nonlinear state estimation, Kalman filter, Constraint handling"
}

@article{chiang2002constrained,
  title={Constrained Filtering Method for Attitude Determination Using GPS and Gyro},
  author={Chiang, Y. T. and Wang, L. S. and Chang, F. R. and Peng, H. M.},
  journal={Radar, Sonar and Navigation},
  volume={149},
  number={5},
  pages={258--264},
  year={2002},
  publisher={IET}
}

@article{teixeira2010unscented,
  title={On Unscented Kalman filtering with State Interval Constraints},
  author={Teixeira, Bruno O. S. and T{\^o}rres, Leonardo A. B. and Aguirre, Luis A. and Bernstein, Dennis S.},
  journal={Journal of Process Control},
  volume={20},
  number={1},
  pages={45--57},
  year={2010},
  publisher={Elsevier}
}


@book{simon2006optimal,
  title={Optimal State Estimation: Kalman, H Infinity, and Nonlinear Approaches},
  author={Simon, D.},
  isbn={9780470045336},
  lccn={2006040065},
  year={2006},
  publisher={Wiley}
}

@article{lang2007bayesian,
  title={Bayesian Estimation via Sequential Monte Carlo Sampling -- Constrained Dynamic Systems},
  author={Lang, Lixin and Chen, Wen-Shiang and Bakshi, Bhavik R. and Goel, Prem K. and Ungarala, Sridhar},
  journal={Automatica},
  volume={43},
  number={9},
  pages={1615--1622},
  year={2007},
  publisher={Elsevier}
}


@article{jaulin2002nonlinear,
  title={Nonlinear bounded-error state estimation of continuous-time systems},
  author={Jaulin, Luc},
  journal={Automatica},
  volume={38},
  number={6},
  pages={1079--1082},
  year={2002},
  publisher={Elsevier}
}


@book{moore2009introduction,
  title={Introduction to Interval Analysis},
  doi = {10.1137/1.9780898717716},
  author={Moore, Ramon E. and Kearfott, R. Baker and Cloud, Michael J.},
  volume={110},
  year={2009},
  publisher={Siam}
}

@article{Seignez2008ComplexitySO,
  title={Complexity Study of Guaranteed State Estimation Applied to Robot Localization},
  author={Emmanuel Seignez and Alain Lambert},
  journal={International Conference on Control, Automation, Robotics and Vision},
  year={2008},
  pages={398-405}
}


@article{pitt_auxiliary,
 ISSN = {01621459},
 abstract = {This article analyses the recently suggested particle approach to filtering time series. We suggest that the algorithm is not robust to outliers for two reasons: the design of the simulators and the use of the discrete support to represent the sequentially updating prior distribution. Here we tackle the first of these problems.},
 author = {Michael K. Pitt and Neil Shephard},
 journal = {Journal of the American Statistical Association},
 number = {446},
 pages = {590--599},
 publisher = {[American Statistical Association, Taylor & Francis, Ltd.]},
 title = {Filtering via Simulation: Auxiliary Particle Filters},
 volume = {94},
 year = {1999}
}


@article{THRUN200199,
title = "Robust Monte Carlo Localization for Mobile Robots",
journal = "Artificial Intelligence",
volume = "128",
number = "1",
pages = "99 - 141",
year = "2001",
issn = "0004-3702",
doi = "10.1016/S0004-3702(01)00069-8",
author = "Sebastian Thrun and Dieter Fox and Wolfram Burgard and Frank Dellaert",
keywords = "Mobile robots, Localization, Position estimation, Particle filters, Kernel density trees"
}


@INPROCEEDINGS{seignez_interval2008, 
author={Emmanuel Seignez and Michel Lambert}, 
booktitle={International Conference on Control, Automation, Robotics and Vision}, 
title={Complexity Study of Guaranteed State Estimation Applied to Robot Localization}, 
year={2008}, 
pages={398-405}, 
keywords={Bayes methods;mobile robots;state estimation;Bayesian methods;bounded-error localization;guaranteed state estimation;mobile robot;robot localization;Automatic control;Filtering;Indoor environments;Kalman filters;Mobile robots;Robot control;Robot localization;Robotics and automation;State estimation;Vehicles}, 
doi={10.1109/ICARCV.2008.4795552}, 
month={Dec},}

@INPROCEEDINGS{roumeliotis2000, 
author={Stergios I. Roumeliotis and George A. Bekey},
booktitle={International Conference on Robotics and Automation}, 
title={Bayesian Estimation and Kalman Filtering: a Unified Framework for Mobile Robot Localization}, 
year={2000}, 
volume={3}, 
number={}, 
pages={2985-2992 vol.3}, 
keywords={Bayes methods;Kalman filters;Markov processes;estimation theory;feature extraction;filtering theory;mobile robots;position measurement;probability;tracking;Bayesian estimation;Bayesian hypothesis testing;Markov localization;applied probability;continuous Kalman filter displacement estimates;decision theory;discrete landmark pose measurement events;estimation theory;exteroceptive sensors;feature extraction algorithms;map-based mobile robot localization;mobile robot localization;multimodal probability distribution functions;multiple hypothesis tracking;pose displacement tracking;pose tracking;proprioceptive sensors;trajectory estimation;unified framework;Bayesian methods;Estimation theory;Feature extraction;Filtering;Kalman filters;Mobile robots;Monitoring;Motion estimation;Robot sensing systems;Testing}, 
doi={10.1109/ROBOT.2000.846481}, 
ISSN={1050-4729}, 
month={},}


@ARTICLE{jensfelt_globalloc2001, 
author={Patric Jensfelt and Steen Kristensen}, 
journal={Transactions on Robotics and Automation}, 
title={Active Global Localization for a Mobile Robot Using Multiple Hypothesis Tracking}, 
year={2001}, 
volume={17}, 
number={5}, 
pages={748-760}, 
keywords={Bayes methods;Kalman filters;mobile robots;navigation;position control;probability;tracking;Bayes method;Kalman filter;computational complexity;global localization;mobile robot;multiple hypothesis tracking;pose tracking;probability;Cognition;Cognitive robotics;Computational complexity;Global Positioning System;Helium;Hospitals;Mobile robots;Navigation;Robot sensing systems;Transponders}, 
doi={10.1109/70.964673}, 
ISSN={1042-296X}, 
month={Oct},}


@Article{Kieffer2000,
author="Kieffer, Michel
and Jaulin, Luc
and Walter, {\'E}ric
and Meizel, Dominique",
title="Robust Autonomous Robot Localization Using Interval Analysis",
journal="Reliable Computing",
year="2000",
month="Aug",
day="01",
volume="6",
number="3",
pages="337--362",
abstract="This paper deals with the determination of the position and orientation of a mobile robot from distance measurements provided by a belt of onboard ultrasonic sensors. The environment is assumed to be two-dimensional, and a map of its landmarks is available to the robot. In this context, classical localization methods have three main limitations. First, each data point provided by a sensor must be associated with a given landmark. This data-association step turns out to be extremely complex and time-consuming, and its results can usually not be guaranteed. The second limitation is that these methods are based on linearization, which makes them inherently local. The third limitation is their lack of robustness to outliers due, e.g., to sensor malfunctions or outdated maps. By contrast, the method proposed here, based on interval analysis, bypasses the data-association step, handles the problem as nonlinear and in a global way and is (extraordinarily) robust to outliers.",
issn="1573-1340",
doi="10.1023/A:1009990700281"
}

@inproceedings{kieffer1999guaranteed,
  title={Guaranteed Mobile Robot Tracking Using Interval Analysis},
  author={Kieffer, Michel and Jaulin, Luc and Walter, Eric and Meizel, Dominique},
  booktitle={Workshop on Application of Interval Analysis to System and Control},
  pages={347--360},
  year={1999}
}

@techreport{Salmond2006DRAFT,
  title={An Introduction to Particle Filters},
  author={David Salmond and Neil J. Gordon},
  year={2006},
  institution={University of Melbourne}
}

@phdthesis{garciabayes,
  title={Bayes-Filter zur Genauigkeitsverbesserung und Unsicherheitsermittlung von dynamischen Koordinatenmessungen},
  author={Garcia, Elmar},
  school   = {Friedrich–Alexander–Universität Erlangen},
    year     = {2012}
}

@INPROCEEDINGS{yong_better_proposal2001, 
author={Yong Rui and Yunqiang Chen}, 
booktitle={Computer Society Conference on Computer Vision and Pattern Recognition}, 
title={Better Proposal Distributions: Object Tracking Using Unscented Particle Filter}, 
year={2001}, 
volume={2}, 
pages={786--793}, 
keywords={Kalman filters;filtering theory;object detection;object recognition;tracking;Kalman filters;audio-visual environment;filtering theory;object tracking;unscented Kalman filter;unscented particle filter;Acoustic noise;Equations;Face;Filtering;Humans;Particle filters;Particle tracking;Proposals;State-space methods;Working environment noise}, 
doi={10.1109/CVPR.2001.991045}, 
ISSN={1063-6919}
}

@book{jaulin2001applied,
  title={Applied Interval Analysis: With Examples in Parameter and State Estimation, Robust Control and Robotics},
  author={Jaulin, Luc and Kieffer, Michel and Didrit, Olivier and Walter, Eric},
  volume={1},
  year={2001},
  publisher={Springer Science \& Business Media}
}

@Inbook{Rokne2001,
author="Rokne, Jon G.",
editor="Pedrycz, Witold",
title="Interval Arithmetic and Interval Analysis: An Introduction",
bookTitle="Granular Computing: An Emerging Paradigm",
year="2001",
publisher="Physica-Verlag HD",
address="Heidelberg",
pages="1--22",
abstract="This article commences with a brief historical introduction to interval analysis and some applications in engineering. This is followed by a simple example motivating the use of interval analysis. A more detailed definition of interval analysis and some properties are then given followed by a discussion of the application of interval analysis to the problem of computing inclusions for the range of functions. A brief discussion of new types of interval based algorithms (mainly the interval Newton algorithm) is provided. The article is completed with a discussion of some application areas for interval analysis without claiming to be a complete survey.",
isbn="978-3-7908-1823-9",
doi="10.1007/978-3-7908-1823-9_1"
}


@book{hansen2003global,
  title={Global Optimization Using Interval Analysis: Revised And Expanded},
  author={Hansen, Eldon and Walster, G. William},
  isbn={9780203026922},
  lccn={2004300406},
  series={Monographs and Textbooks in Pure and Applied Mathematics},
  year={2003},
  publisher={CRC Press}
}

@INPROCEEDINGS{744754, 
author={C. Lottaz and D. Sam-Haroud and B. Faltings and I. Smith}, 
booktitle={International Conference on Tools with Artificial Intelligence}, 
title={Constraint Techniques for Collaborative Design}, 
year={1998}, 
volume={}, 
number={}, 
pages={34-41}, 
keywords={Internet;computer aided engineering;constraint handling;constraint theory;design engineering;groupware;online front-ends;Internet based use;SpaceSolver;collaborative design;constraint satisfaction techniques;constraint satisfaction toolbox;constraint techniques;continuous variables;engineering;intuitive Web based user interface;productivity;Buildings;Civil engineering;Collaboration;Computer interfaces;Design engineering;Ducts;Space technology;Structural beams;User interfaces;Ventilation}, 
doi={10.1109/TAI.1998.744754}, 
ISSN={1082-3409}, 
month={Nov},}




@Article{Sam-Haroud1996,
author="Sam-Haroud, D.
and Faltings, B.",
title="Consistency Techniques for Continuous Constraints",
journal="Constraints",
year="1996",
month="Sep",
day="01",
volume="1",
number="1",
pages="85--118",
abstract="We consider constraint satisfaction problems with variables in continuous, numerical domains. Contrary to most existing techniques, which focus on computing one single optimal solution, we address the problem of computing a compact representation of the space of all solutions admitted by the constraints. In particular, we show how globally consistent (also called decomposable) labelings of a constraint satisfaction problem can be computed.",
issn="1572-9354",
doi="10.1007/BF00143879"
}



@phdthesis{Sam:31901,
      title = {Constraint Consistency Techniques for Continuous Domains},
      author = {Sam, Jamila},
      institution = {IIF},
      publisher = {EPFL},
      address = {Lausanne},
      pages = {200},
      year = {1995},
      abstract = {Constraint Satisfaction Problems (CSPs) are ubiquitous in  computer science. Many problems, ranging from resource  allocation and scheduling to fault diagnosis and design,  involve constraint satisfaction as an essential component.  A CSP is given by a set of variables and constraints on  small subsets of these variables. It is solved by finding  assignments of values to the variables such that all  constraints are satisfied. In its most general form, a CSP  is combinatorial and complex. In this thesis, we consider  constraint satisfaction problems with variables in  continuous, numerical domains. Contrary to most existing  techniques, which focus on computing a single optimal  solution, we address the problem of computing a compact  representation of the space of all solutions that satisfy  the constraints. This has the advantage that no  optimization criterion has to be formulated beforehand, and  that the space of possibilities can be explored  systematically. In certain applications, such as diagnosis  and design, these advantages are crucial. In consistency  techniques, the solution space is represented by labels  assigned to individual variables or combinations of  variables. When the labeling is globally consistent, each  label contains only those values or combinations of values  which appear in at least one solution. This kind of  labeling is a compact, sound and complete representation of  the solution space, and can be combined with other  reasoning methods. In practice, computing a globally  consistent labeling is too complex. This is usually tackled  in two ways. One way is to enforce consistencies locally,  using propagation algorithms. This prunes the search space  and hence reduces the subsequent search effort. The other  way is to identify simplifying properties which guarantee  that global consistency can be enforced tractably using  local propagation algorithms. When constraints are  represented by mathematical expressions, implementing local  consistency algorithms is difficult because it requires  tools for solving arbitrary systems of equations. In this  thesis, we propose to approximate feasible solution regions  by 2k-trees, thus providing a means of combining  constraints logically rather than numerically. This  representation, commonly used in computer vision and image  processing, avoids using complex mathematical tools. We  propose simple and stable algorithms for computing labels  of arbitrary degrees of consistency using this  representation. For binary constraints, it is known that  simplifying convexity properties reduces the complexity of  solving a CSP. These properties guarantee that local  degrees of consistency are sufficient to ensure global  consistency. We show how, in continuous domains, these  results can be generalized to ternary and in fact arbitrary  n-ary constraints. This leads to polynomial-time algorithms  for computing globally consistent labels for a large class  of constraint satisfaction problems with continuous  variables. We describe and justify our representation of  constraints and our consistency algorithms. We also give a  complete analysis of the theoretical results we present.  Finally, the developed techniques are illustrated using  practical examples.},
}

@incollection{intlab,
   author = {Rump, {S. M.}},
   title = {{INTLAB -- INTerval LABoratory}},
   editor = {Tibor Csendes},
   booktitle = {{Developments~in~Reliable Computing}},
   publisher = {Kluwer Academic Publishers},
   address = {Dordrecht},
   pages = {77--104},
   year = {1999},
   note = {\url{http://www.ti3.tuhh.de/rump/}}
}


@INPROCEEDINGS{Benhamou99revisinghull,
    author = {Frédéric Benhamou and Frédéric Goualard and Laurent Granvilliers and Jean-François Puget},
    title = {Revising Hull and Box Consistency},
    booktitle = {Logic Programming},
    year = {1999},
    pages = {230--244},
    publisher = {MIT press}
}

@book{rossi2006handbook,
  title={Handbook of Constraint Programming},
  author={Rossi, F. and van Beek, P. and Walsh, T.},
  isbn={9780080463803},
  series={Foundations of Artificial Intelligence},
  year={2006},
  publisher={Elsevier Science}
}

@ARTICLE{gaussian_bayesian_tracking2002, 
author={M. Sanjeev Arulampalam and Simon Maskell and Neil Gordon and Tim Clapp}, 
journal={Transactions on Signal Processing}, 
title={A Tutorial on Particle Filters for Online Nonlinear / Non-Gaussian Bayesian Tracking}, 
year={2002}, 
volume={50}, 
number={2}, 
pages={174-188}, 
keywords={Bayes methods;Kalman filters;Monte Carlo methods;filtering theory;importance sampling;state estimation;state-space methods;tracking filters;Kalman filtering;nonGaussian tracking problems;nonlinear tracking problems;optimal Bayesian algorithms;particle filters;point mass representations;probability densities;sequential Monte Carlo methods;sequential importance sampling;state-space model;suboptimal Bayesian algorithms;tutorial;Bayesian methods;Costs;Filtering;Kalman filters;Monte Carlo methods;Nonlinear dynamical systems;Particle filters;Particle tracking;Signal processing;Tutorial}, 
doi={10.1109/78.978374}, 
ISSN={1053-587X}, 
month={Feb},}

@article{garajova2016solving,
  title={Solving and Visualizing Nonlinear Set Inversion Problems},
  author={Garajov{\'a}, Elif and Meciar, Martin},
  journal={Reliable Computing},
  volume={22},
  pages={104--115},
  year={2016}
}

@article{jaulin1993set,
  title={Set Inversion Via Interval Analysis for Nonlinear Bounded-error Estimation},
  author={Jaulin, Luc and Walter, Eric},
  journal={Automatica},
  volume={29},
  number={4},
  pages={1053--1064},
  year={1993},
  publisher={Pergamon}
}

@techreport{diebel2006attitude,
  title={Representing Attitude: Euler Angles, Unit Quaternions, and Rotation Vectors},
  author={Diebel, James},
  institution={Stanford University},
  pages={5--6},
  year={2006}
  month={October},
  adress={Stanford, California 94301–9010}
}

@misc{Wiki_taitbryan,
	title = {{Wikimedia Commons File: Taitbrianzyx.svg}},
	url = {http://commons.wikimedia.org/wiki/File:Taitbrianzyx.svg},
	author = {{Juansempere}},
	note = {[Accessed 28 July, 2018]}
}

@techreport{rowell2002state,
  title={State-Space Representation of {LTI} Systems},
  author={Rowell, Derek},
  year={2002}
}

@book{lewis1992applied,
  title={Applied Optimal Control \& Estimation: Digital Design \& Implementation},
  author={Lewis, Frank L},
  year={1992},
  publisher={Prentice Hall Englewood Cliffs, NJ}
}

@book{raol2009multi,
  title={Multi-Sensor Data Fusion with MATLAB{\textregistered}},
  author={Raol, Jitendra R.},
  isbn={9781439800058},
  lccn={2009041607},
  year={2009},
  publisher={CRC Press}
}


@PHDTHESIS{nicol2017,
url = "http://www.theses.fr/2017BRES0066",
title = "Robust, precise and reliable simultaneous localization and mapping for and underwater robot. Comparison and combination of probabilistic and set-membership methods for the SLAM problem",
author = "Nicola, J\'er\'emy",
year = "2017",
url = "http://www.theses.fr/2017BRES0066/document",
}

@misc{morse_sim,
	title = {{Modular OpenRobots Simulation Engine}},
	url = {https://www.openrobots.org/wiki/morse},
	author = {{LAAS-CNRS}},
	note = {[Accessed 03 August, 2018]}
}

@misc{codeGithub,
	title = {{Code and Data of the Experiments}},
	url = {https://github.com/rob-weiss},
	author = {{GitHub}},
	note = {[Accessed 1. November, 2018]}
}

@misc{matlab,
	title = {{\textsc{Matlab}®}},
	url = {https://uk.mathworks.com/products/matlab.html},
	author = {{The MathWorks, Inc.}},
	note = {[Accessed 20 October, 2018]}
}

@article{seignez2009real,
  title={Real-time Bounded-error State Estimation for Vehicle Tracking},
  author={Seignez, Emmanuel and Kieffer, Michel and Lambert, Alain and Walter, Eric and Maurin, Thierry},
  journal={The International Journal of Robotics Research},
  volume={28},
  number={1},
  pages={34--48},
  year={2009},
  publisher={Sage Publications}
}

@ARTICLE{jaulin2009, 
author={Luc Jaulin}, 
journal={Transactions on Robotics}, 
title={A Nonlinear Set Membership Approach for the Localization and Map Building of Underwater Robots}, 
year={2009}, 
volume={25}, 
number={1}, 
pages={88-98}, 
keywords={mobile robots;nonlinear control systems;SLAM (robots);underwater vehicles;nonlinear set membership approach;underwater robots;interval analysis;simultaneous localization and map building problem;constraint satisfaction problem;interval propagation algorithms;Simultaneous localization and mapping;State estimation;Orbital robotics;Underwater vehicles;Nonlinear equations;Mobile robots;Kalman filters;Filtering;Bayesian methods;Particle filters;Interval analysis;interval propagation;localization;set-membership estimation;simultaneous localization and map building (SLAM);underwater robots}, 
doi={10.1109/TRO.2008.2010358}, 
ISSN={1552-3098}, 
month={Feb},}


@article{jaulin:hal-00593265,
  TITLE = {{Set-membership localization with probabilistic errors}},
  AUTHOR = {Jaulin, Luc},
  NOTE = {WOS},
  JOURNAL = {{Robotics and Autonomous Systems}},
  PUBLISHER = {{Elsevier}},
  VOLUME = {59},
  NUMBER = {6},
  PAGES = {489-495},
  YEAR = {2011},
  MONTH = Jun,
  DOI = {10.1016/j.robot.2011.03.005},
  KEYWORDS = {Gaussian noise ; Interval analysis ; Probabilistic estimation ; Robust estimation ; Set-membership estimation ; Outliers},
  PDF = {https://hal-ensta-bretagne.archives-ouvertes.fr/hal-00593265/file/paper_probintk_ras.pdf},
  HAL_ID = {hal-00593265},
  HAL_VERSION = {v1},
}


@ARTICLE{5546308, 
author={Fredrik Gustafsson}, 
journal={Aerospace and Electronic Systems}, 
title={Particle Filter Theory and Practice with Positioning Applications}, 
year={2010}, 
volume={25}, 
number={7}, 
pages={53-82}, 
keywords={Bayes methods;Kalman filters;mass spectrometer accessories;particle filtering (numerical methods);particle filter theory;positioning applications;numerical approximation;nonlinear Bayesian filtering problem;nonlinear filtering problem;extended Kalman filter;point mass filter;EKF;PMF;Particle filters;Filtering theory;Bayesian methods;Filtering algorithms;Guidelines;Nonlinear equations;Statistics;Information systems;Position measurement}, 
doi={10.1109/MAES.2010.5546308}, 
ISSN={0885-8985}, 
month={July},}

@article{davis1987constraint,
  title={Constraint propagation with interval labels},
  author={Davis, Ernest},
  journal={Artificial intelligence},
  volume={32},
  number={3},
  pages={281--331},
  year={1987},
  publisher={Elsevier}
}

@techreport{jaulin2012introbotics,
  title={Interval Robotics},
  author={Jaulin, Luc},
  volume={1},
  year={2012}
}
mo
@book{jaulin2018mobilerobotics,
  title={Interval Robotics},
  author={Jaulin, Luc},
  volume={1},
  year={2018}
}


@article{MACHADOCOELHO2017405,
title = "An Interval Space Reducing Method for Constrained Problems with Particle Swarm Optimization",
journal = "Applied Soft Computing",
volume = "59",
pages = "405 - 417",
year = "2017",
issn = "1568-4946",
doi = "https://doi.org/10.1016/j.asoc.2017.05.022"
author = "T. M. Machado-Coelho and A. M. C. Machado and L. Jaulin and P. Ekel and W. Pedrycz and G. L. Soares",
keywords = "Interval analysis, Evolutionary computation, Particle swarm optimization, Constrained optimization"
}


@inproceedings{jaulin2006localization,
  title={Localization of an Underwater Robot Using Interval Constraint Propagation},
  author={Jaulin, Luc},
  booktitle={International Conference on Principles and Practice of Constraint Programming},
  pages={244--255},
  year={2006},
  organization={Springer}
}


@misc{blender,
	title = {{Blender Game Engine}},
	url = {
https://docs.blender.org/manual/en/dev/game_engine/index.html},
	author = {{Blender.org}},
	note = {[Accessed 21 August, 2018]}
}

@misc{bullet,
	title = {{Bullet Physics Engine}},
	url = {www.bulletphysics.org},
	author = {{Erwin Coumans}},
	note = {[Accessed 27 August, 2018]}
}

@misc{dataNicola,
	title = {{Raw MORSE Simulation Data of the Experiments}},
	url = {https://github.com/nicola-je/reliable-slam},
	author = {{Jeremy Nicola}},
	note = {[Accessed 23 August, 2018]}
}

@article{kong1994sequential,
  title={Sequential Imputations and Bayesian Missing Data Problems},
  author={Kong, Augustine and Liu, Jun S. and Wong, Wing Hung},
  journal={Journal of the American Statistical Association},
  volume={89},
  number={425},
  pages={278--288},
  year={1994},
  publisher={Taylor \& Francis Group}
}

@article{herrero:hal-00746047,
  TITLE = {{An Efficient Implementation of SIVIA Algorithm in a High-Level Numerical Programming Language}},
  AUTHOR = {Herrero, Pau and Georgiou, Pantelis and Toumazou, Christofer and Delaunay, Beno{\^i}t and Jaulin, Luc},
  JOURNAL = {{Reliable Computing}},
  PUBLISHER = {{Springer Verlag}},
  PAGES = {239-251},
  YEAR = {2012},
  MONTH = Oct,
  KEYWORDS = {Interval analysis ; set inversion ; high-level numerical language ; Matlab AMS subject classi cations: 65-00},
  HAL_ID = {hal-00746047},
  HAL_VERSION = {v1},
}

@INPROCEEDINGS{5354673, 
author={A. Lambert and D. Gruyer and B. Vincke and E. Seignez}, 
booktitle={2009 IEEE/RSJ International Conference on Intelligent Robots and Systems}, 
title={Consistent outdoor vehicle localization by bounded-error state estimation}, 
year={2009}, 
volume={}, 
number={}, 
pages={1211-1216}, 
keywords={Bayes methods;distance measurement;Global Positioning System;road safety;road vehicles;state estimation;outdoor vehicle localization;bounded-error state estimation;automotive applications;safety;embedded localization algorithms;Bayesian methods;odometers;GPS receiver;gyro;State estimation;Particle filters;Filtering;Vehicle safety;Kalman filters;Mobile robots;Navigation;Intelligent robots;USA Councils;Automotive applications}, 
doi={10.1109/IROS.2009.5354673}, 
ISSN={2153-0858}, 
month={Oct},}


@article{s17102426,
AUTHOR = {Zhao, Jingchao and Gao, Junyao and Zhao, Fangzhou and Liu, Yi},
TITLE = {A Search-and-Rescue Robot System for Remotely Sensing the Underground Coal Mine Environment},
JOURNAL = {Sensors},
VOLUME = {17},
YEAR = {2017},
NUMBER = {10},
ARTICLE-NUMBER = {2426},
ISSN = {1424-8220},
DOI = {10.3390/s17102426}
}

@INPROCEEDINGS{7485707, 
author={A. Matos and A. Martins and A. Dias and B. Ferreira and J. M. Almeida and H. Ferreira and G. Amaral and A. Figueiredo and R. Almeida and F. Silva}, 
booktitle={OCEANS 2016 - Shanghai}, 
title={Multiple Robot Operations for Maritime Search and Rescue in euRathlon 2015 Competition}, 
year={2016}, 
volume={}, 
number={}, 
pages={1-7}, 
keywords={autonomous underwater vehicles;multi-robot systems;rescue robots;SLAM (robots);sonar imaging;sidescan sonar imaging;situation assessment bathymetry map;AUV mission execution;AUV mission planning;large scale disasters;robotic tools;victim localization;leak detection;underwater mapping;MARES AUV;ROAZ USV;surface autonomous vehicles;underwater autonomous vehicles;marine robots;ICARUS team;maritime environment;INESC TEC participation;maritime search-and-rescue;multiple robot operations;Robot kinematics;Vehicles;Sea surface;Sonar;Navigation;Inspection}, 
doi={10.1109/OCEANSAP.2016.7485707}, 
ISSN={}, 
month={April},}


@inproceedings{Beck:2016:OPC:2936924.2937074,
 author = {Beck, Zolt\'{a}n and Teacy, Luke and Rogers, Alex and Jennings, Nicholas R.},
 title = {Online Planning for Collaborative Search and Rescue by Heterogeneous Robot Teams},
 booktitle = {International Conference on Autonomous Agents \& Multiagent Systems},
 series = {AAMAS '16},
 year = {2016},
 isbn = {978-1-4503-4239-1},
 pages = {1024--1033},
 numpages = {10},
 publisher = {International Foundation for Autonomous Agents and Multiagent Systems},
 address = {Richland, SC},
 keywords = {disaster response, hindsight optimisation, multi-robot systems, online planning, robot coordination, search and rescue},
} 


@misc{matlabMEX,
	title = {{Matlab MEX}},
	url = {https://uk.mathworks.com/help/matlab/matlab_external/introducing-mex-files.html},
	author = {{Mathworks}},
	note = {[Accessed 14 October, 2018]}
}


@INPROCEEDINGS{rsivia, 
author={V. Drevelle and P. Bonnifait}, 
booktitle={Intelligent Robots and Systems}, 
title={Robust Positioning Using Relaxed Constraint-propagation}, 
year={2010}, 
volume={}, 
number={}, 
pages={4843-4848}, 
keywords={automobiles;controller area networks;Global Positioning System;LAN interconnection;mobile robots;pose estimation;position control;position measurement;robot vision;relaxed constraint-propagation;2D vehicle-positioning system;asynchronous unreliable absolute position;reliable proprioceptive measurements;bounded error method;pose estimation;exteroceptive position;automotive vehicle;GPS receiver;CAN gateway;Global Positioning System;Position measurement;Robustness;Vehicles;Estimation;Sensors;History;localization;interval analysis;multi-sensor fusion}, 
doi={10.1109/IROS.2010.5649794}, 
ISSN={2153-0866}, 
month={Oct},}


@article{jaulin2006gesmi,
  title={GESMI, un logiciel pour l’aide {\`a} localisation de mines sous-marines},
  author={Jaulin, Luc and Legris, Michel and Dabe, Fr{\'e}d{\'e}ric},
  journal={JIME},
  year={2006}
}

@ARTICLE{6178018, 
author={Á. F. Garcia-Fernandez and M. R. Morelande and J. Grajal}, 
journal={IEEE Transactions on Signal Processing}, 
title={Truncated Unscented Kalman Filtering}, 
year={2012}, 
volume={60}, 
number={7}, 
pages={3372-3386}, 
keywords={Bayes methods;Kalman filters;nonlinear filters;truncated unscented Kalman filtering;probability density function;measurement noise PDF;modified prior distribution;Bayes rule;unscented transformation;Approximation methods;Kalman filters;Noise measurement;Noise;Probability density function;Approximation algorithms;Covariance matrix;Bayes' rule;Kalman filter;nonlinear filtering}, 
doi={10.1109/TSP.2012.2193393}, 
ISSN={1053-587X}, 
month={July},}